@article{BleiVI,
author = {David M. Blei and Alp Kucukelbir and Jon D. McAuliffe},
title = {Variational Inference: A Review for Statisticians},
journal = {Journal of the American Statistical Association},
volume = {112},
number = {518},
pages = {859-877},
year  = {2017},
publisher = {Taylor & Francis},
doi = {10.1080/01621459.2017.1285773},
URL = { https://doi.org/10.1080/01621459.2017.1285773},
eprint = { https://doi.org/10.1080/01621459.2017.1285773}
}

@misc{VaryingAlpha,
  title = {STAN case studies: radon},
  howpublished = {\url{https://mc-stan.org/users/documentation/case-studies/radon.html}},
  note = {Accessed: 17-03-2020}
}



@article{MultilevelHM,
author = {Andrew Gelman},
title = {Multilevel (Hierarchical) Modeling: What It Can and Cannot Do},
journal = {Technometrics},
volume = {48},
number = {3},
pages = {432-435},
year  = {2006},
publisher = {Taylor & Francis},
doi = {10.1198/004017005000000661},

URL = { 
        https://doi.org/10.1198/004017005000000661
    
},
eprint = { 
        https://doi.org/10.1198/004017005000000661
    
}

}

